<?xml version="1.0" encoding="UTF-8"?><collection xmlns="http://www.loc.gov/MARC21/slim"><record><leader>00395nam--2200133-i-4500</leader><controlfield tag="001">000011799</controlfield><controlfield tag="002">20161230</controlfield><controlfield tag="005">20161230201029</controlfield><controlfield tag="008">060222s1000------------r-----000-0-eng-d</controlfield><datafield ind1=" " ind2=" " tag="245"><subfield code="a">Digital signal processing</subfield></datafield><datafield ind1=" " ind2=" " tag="260"><subfield code="a">New York, The Institute Of Electrical And Electronics Engineers, Inc., 1972</subfield></datafield><datafield ind1=" " ind2=" " tag="490"><subfield code="a">Ix+518p</subfield></datafield><datafield ind1=" " ind2=" " tag="700"><subfield code="a">Rabiner, Lawrence R.And Rader, Charles M</subfield></datafield><datafield ind1=" " ind2=" " tag="852"><subfield code="a">621.38:621.391</subfield></datafield></record></collection>